<collection xmlns="http://www.loc.gov/MARC21/slim"><record><leader>00688nam  2200193   450</leader><controlfield tag="001">216</controlfield><controlfield tag="003">http://montalegre.opacnet.com/OPAC/default.aspx?ContentAreaControl=ShowRegHoldings.ascx&amp;RegNo=16662</controlfield><datafield tag="100" ind1=" " ind2=" "><subfield code="a">20061013f19401950km y0pory010305  ba</subfield></datafield><datafield tag="101" ind1="1" ind2=" "><subfield code="a">por</subfield><subfield code="c">eng</subfield></datafield><datafield tag="102" ind1=" " ind2=" "><subfield code="a">PT</subfield></datafield><datafield tag="200" ind1="1" ind2=" "><subfield code="a">&lt;As &gt;aventuras amorosas de Moll Flanders</subfield><subfield code="f">Daniel Defoe</subfield><subfield code="g">trad. de José Parreira Alves</subfield></datafield><datafield tag="210" ind1=" " ind2=" "><subfield code="a">Lisboa</subfield><subfield code="c">Inquérito</subfield><subfield code="d">[194-?]</subfield></datafield><datafield tag="215" ind1=" " ind2=" "><subfield code="a">396 p.</subfield><subfield code="c">il., estampa</subfield><subfield code="d">18 cm</subfield></datafield><datafield tag="225" ind1="2" ind2=" "><subfield code="a">&lt;Os &gt;melhores romances dos melhores romancistas</subfield></datafield><datafield tag="675" ind1=" " ind2=" "><subfield code="a">821</subfield><subfield code="v">BN</subfield><subfield code="z">por</subfield></datafield><datafield tag="700" ind1=" " ind2="1"><subfield code="a">Defoe</subfield><subfield code="b">Daniel</subfield><subfield code="f">1660-1731</subfield></datafield><datafield tag="801" ind1=" " ind2="0"><subfield code="a">PT</subfield><subfield code="b">Biblioteca Municipal de Montalegre</subfield><subfield code="g">RPC</subfield></datafield><datafield tag="909" ind1="&#9;" ind2=" "><subfield code="a">3</subfield></datafield><datafield tag="966" ind1=" " ind2=" "><subfield code="a">0009135</subfield><subfield code="l">BMM</subfield><subfield code="s">SCG 821 DEF ave</subfield></datafield><datafield tag="966" ind1=" " ind2=" "><subfield code="a">0009134</subfield><subfield code="l">BMM</subfield><subfield code="s">SCG 821 DEF ave</subfield></datafield><datafield tag="966" ind1=" " ind2=" "><subfield code="a">0008093</subfield><subfield code="l">BMM</subfield><subfield code="s">SCG 821 DEF ave</subfield></datafield></record></collection>